<record><leader>00000cas a2200000 a 4500</leader><controlfield tag="001">1333059</controlfield><controlfield tag="008">750514d19uu1986waubr ne      0   a0eng c</controlfield><datafield ind1=" " ind2=" " tag="010"><subfield code="a">sn 82000500 </subfield></datafield><datafield ind1=" " ind2=" " tag="040"><subfield code="a">NSD</subfield><subfield code="b">eng</subfield><subfield code="c">NSD</subfield><subfield code="d">MUL</subfield><subfield code="d">SLZ</subfield><subfield code="d">OCL</subfield><subfield code="d">NST</subfield><subfield code="d">DLC</subfield><subfield code="d">ANU</subfield><subfield code="d">CNK</subfield><subfield code="d">NYS</subfield><subfield code="d">OCLCQ</subfield><subfield code="d">GBVCP</subfield><subfield code="d">OCLCQ</subfield><subfield code="d">OCLCF</subfield><subfield code="d">OCLCO</subfield></datafield><datafield ind1=" " ind2=" " tag="012"><subfield code="b">3</subfield><subfield code="i">9105</subfield><subfield code="k">1</subfield><subfield code="m">1</subfield></datafield><datafield ind1=" " ind2=" " tag="015"><subfield code="a">010643427</subfield><subfield code="2">dnb</subfield></datafield><datafield ind1="7" ind2=" " tag="016"><subfield code="a">92978-5</subfield><subfield code="2">DE-600</subfield></datafield><datafield ind1=" " ind2=" " tag="019"><subfield code="a">6169107</subfield></datafield><datafield ind1="1" ind2=" " tag="022"><subfield code="a">0300-6328</subfield><subfield code="l">0300-6328</subfield><subfield code="2">1</subfield></datafield><datafield ind1="1" ind2=" " tag="029"><subfield code="a">AU@</subfield><subfield code="b">000020272876</subfield></datafield><datafield ind1=" " ind2=" " tag="032"><subfield code="a">666450</subfield><subfield code="b">USPS</subfield></datafield><datafield ind1=" " ind2=" " tag="037"><subfield code="b">Rawhide Press, Box 393, Wellpinit, WA 99040</subfield></datafield><datafield ind1=" " ind2=" " tag="042"><subfield code="a">nsdp</subfield><subfield code="a">pcc</subfield></datafield><datafield ind1=" " ind2=" " tag="043"><subfield code="a">n-us-wa</subfield></datafield><datafield ind1=" " ind2=" " tag="090"><subfield code="a">E75</subfield><subfield code="b">.R32x</subfield></datafield><datafield ind1=" " ind2="0" tag="222"><subfield code="a">Rawhide press</subfield></datafield><datafield ind1="0" ind2="0" tag="245"><subfield code="a">Rawhide press.</subfield></datafield><datafield ind1=" " ind2=" " tag="260"><subfield code="a">Wellpinit, Wash. :</subfield><subfield code="b">Spokane Tribal Business Council</subfield></datafield><datafield ind1=" " ind2=" " tag="300"><subfield code="a">v. :</subfield><subfield code="b">ill. ;</subfield><subfield code="c">43 cm.</subfield></datafield><datafield ind1=" " ind2=" " tag="310"><subfield code="a">Bimonthly,</subfield><subfield code="b">Nov./Dec. 1985-</subfield></datafield><datafield ind1=" " ind2=" " tag="321"><subfield code="a">Monthly,</subfield><subfield code="b">&lt;1972-1985&gt;</subfield></datafield><datafield ind1="0" ind2=" " tag="362"><subfield code="a">Vol. 1, no. 1 (July, 1958)-v. 19, no. 2 (Mar./Apr. 1986).</subfield></datafield><datafield ind1=" " ind2=" " tag="500"><subfield code="a">Masthead ill.: Seated indian playing drum.</subfield></datafield><datafield ind1=" " ind2=" " tag="500"><subfield code="a">Printed by Times Pub. Co., Davenport, WA 99040.</subfield></datafield><datafield ind1=" " ind2=" " tag="500"><subfield code="a">Published by Spokane Sub-Agency 1958-</subfield></datafield><datafield ind1="4" ind2=" " tag="510"><subfield code="a">Danky, J.P. Native American periodicals and newspapers 1828-1982</subfield><subfield code="c">355-356</subfield></datafield><datafield ind1=" " ind2=" " tag="530"><subfield code="a">Available on microfilm from Microfilming Corp. of America (Periodicals by and about the North American Indian).</subfield></datafield><datafield ind1=" " ind2=" " tag="588"><subfield code="a">Description based on: Vol. 3, no. 4 (July 1972).</subfield></datafield><datafield ind1=" " ind2=" " tag="588"><subfield code="a">Latest issue consulted: Vol. 12, no. 1 (Dec. 1980).</subfield></datafield><datafield ind1="2" ind2="0" tag="610"><subfield code="a">Spokane Tribe of Indians</subfield><subfield code="v">Newspapers.</subfield></datafield><datafield ind1=" " ind2="0" tag="650"><subfield code="a">Indians of North America</subfield><subfield code="z">Washington (State)</subfield><subfield code="v">Newspapers.</subfield></datafield><datafield ind1=" " ind2="0" tag="650"><subfield code="a">Spokane Indians</subfield><subfield code="v">Newspapers.</subfield></datafield><datafield ind1=" " ind2="0" tag="651"><subfield code="a">Stevens County (Wash.)</subfield><subfield code="v">Newspapers.</subfield></datafield><datafield ind1=" " ind2="4" tag="651"><subfield code="a">Wellpinit (Wash.)</subfield><subfield code="v">Newspapers.</subfield></datafield><datafield ind1=" " ind2="7" tag="655"><subfield code="a">Newspapers.</subfield><subfield code="2">fast</subfield><subfield code="0">(OCoLC)fst01423814</subfield></datafield><datafield ind1="2" ind2="7" tag="610"><subfield code="a">Spokane Tribe of the Spokane Reservation, Washington.</subfield><subfield code="2">fast</subfield><subfield code="0">(OCoLC)fst01713304</subfield></datafield><datafield ind1=" " ind2="7" tag="650"><subfield code="a">Indians of North America.</subfield><subfield code="2">fast</subfield><subfield code="0">(OCoLC)fst00969633</subfield></datafield><datafield ind1=" " ind2="7" tag="650"><subfield code="a">Spokane Indians.</subfield><subfield code="2">fast</subfield><subfield code="0">(OCoLC)fst01130331</subfield></datafield><datafield ind1=" " ind2="7" tag="651"><subfield code="a">Washington (State)</subfield><subfield code="2">fast</subfield><subfield code="0">(OCoLC)fst01204703</subfield></datafield><datafield ind1=" " ind2="7" tag="651"><subfield code="a">Washington (State)</subfield><subfield code="z">Stevens County.</subfield><subfield code="2">fast</subfield><subfield code="0">(OCoLC)fst01209287</subfield></datafield><datafield ind1="1" ind2=" " tag="710"><subfield code="a">Spokane Tribe of the Spokane Reservation, Washington.</subfield><subfield code="b">Business Council.</subfield></datafield><datafield ind1=" " ind2=" " tag="752"><subfield code="a">United States</subfield><subfield code="b">Washington</subfield><subfield code="c">Stevens</subfield><subfield code="d">Wellpinit.</subfield></datafield><datafield ind1="0" ind2=" " tag="776"><subfield code="c">Microfilm</subfield><subfield code="w">(OCoLC)42324850</subfield></datafield><datafield ind1="0" ind2=" " tag="776"><subfield code="c">Microfiche</subfield><subfield code="w">(OCoLC)372963</subfield></datafield><datafield ind1=" " ind2=" " tag="850"><subfield code="a">CSt</subfield></datafield></record>